@article{popek1974formal,
  title={Formal requirements for virtualizable third generation architectures},
  author={Popek, Gerald J and Goldberg, Robert P},
  journal={Communications of the ACM},
  volume={17},
  number={7},
  pages={412--421},
  year={1974},
  publisher={ACM}
}
@inproceedings{hwang2013mortar,
  title={Mortar: filling the gaps in data center memory},
  author={Hwang, Jinho and Uppal, Ahsen J and Wood, Timothy and Huang, H Howie},
  booktitle={Proceedings of the 4th annual Symposium on Cloud Computing},
  pages={30},
  year={2013},
  organization={ACM}
}
